@book{book:proPHP,
author =       "A. Padilla and T. Hawkins",
title =        "Pro PHP Application Performance Tuning PHP Web Projects for Maximum Performance",
publisher =    "Apress",
year =         "2010
}

@book{book:yahoo,
author =       "S. Souders ",
title =        "High Performance Web Sites",
publisher =    "O'Reily",
year =         "2007
}
